@mastersthesis{bortoletto,
  author    = {Matteo Bortoletto},
  title     = {Study of performances for Restricted Boltzmann Machines},
  school    = {Università degli Studi di Padova, Dipartimento di Fisica e Astronomia “Galileo Galilei”},
  type      = {Final Dissertation},
  year      = {2021},
  supervisor = {Marco Baiesi}
}

@article{intro_ML,
  author    = {Pankaj Mehta and Marin Bukov and Ching-Hao Wang and Alexandre G. R. Day and Clint Richardson and Charles K. Fisher and David J. Schwab},
  title     = {A high-bias, low-variance introduction to Machine Learning for Physicists},
  journal   = {Physics Reports},
  volume    = {810},
  pages     = {1--124},
  year      = {2019},
  doi       = {https://doi.org/10.1016/j.physrep.2019.03.001}
}

@incollection{practical,
  author    = {Geoffrey E. Hinton},
  title     = {A Practical Guide to Training Restricted Boltzmann Machines},
  booktitle = {Neural Networks: Tricks of the Trade: Second Edition},
  editor    = {Gr{\'e}goire Montavon and Genevi{\`e}ve B. Orr and Klaus-Robert M{\"u}ller},
  pages     = {599--619},
  year      = {2012},
  publisher = {Springer},
  doi       = {10.1007/978-3-642-35289-8_32}
}

@unpublished{baiesi,
    author  = {Marco Baiesi},
    title   = {Log-likelihood computation for restricted Boltzmann machines (RBMs)},
    year    = {2025},
    month   = {March},
    note    = {Unpublished manuscript},
    url     = {log_likelihood_computation1.pdf}
}